<?xml version="1.0" encoding="UTF-8"?><collection xmlns="http://www.loc.gov/MARC21/slim"><record><leader>00627nam--2200181-u-4500</leader><controlfield tag="001">000054862</controlfield><controlfield tag="002">20161230</controlfield><controlfield tag="005">20161230201051</controlfield><controlfield tag="008">120621s1000------------r-----000-0-fre-d</controlfield><datafield ind1=" " ind2=" " tag="040"><subfield code="a">IFIN-HH</subfield></datafield><datafield ind1=" " ind2=" " tag="041"><subfield code="a">fre</subfield></datafield><datafield ind1=" " ind2=" " tag="080"><subfield code="a">539.172.8:539.124(043)</subfield></datafield><datafield ind1="1" ind2=" " tag="100"><subfield code="a">Gladieux, Alain</subfield></datafield><datafield ind1="1" ind2="0" tag="245"><subfield code="a">Interaction d'ions legers (e-1mev/u) avec dews cibles solides minces. contribution a l'etude des electrons cnvoyes dans des directions et avec des vitesses voisines de celles des ions emergents</subfield><subfield code="b">These</subfield><subfield code="c">Alain gladieux</subfield></datafield><datafield ind1=" " ind2=" " tag="260"><subfield code="a">Paris</subfield><subfield code="b">Univerasite</subfield><subfield code="c">1983</subfield></datafield><datafield ind1=" " ind2=" " tag="300"><subfield code="a">133P</subfield></datafield><datafield ind1=" " ind2=" " tag="852"><subfield code="a">71808</subfield><subfield code="c">539.17</subfield></datafield><datafield ind1=" " ind2=" " tag="CAT"><subfield code="a">Sys</subfield><subfield code="c">20120621</subfield><subfield code="h">172900</subfield></datafield></record></collection>